

@phdthesis{Mcnaughton2011,
author = {Matthew McNaughton},
title = {Parallel Algorithms for Real-time Motion Planning},
booktitle = {},
school = {Robotics Institute, Carnegie Mellon University},
month = {July},
year = {2011},
number= {CMU-RI-TR-11-30},
address= {Pittsburgh, PA},
}


@article{Felzenszwalb2012,
author = {Felzenszwalb, Pedro F. and Huttenlocher, Daniel P.},
doi = {10.4086/toc.2012.v008a019},
issn = {1557-2862},
journal = {Theory of Computing},
keywords = {and phrases,distance transform,distance transform, minimum convolution, image pro,image processing,minimum convolution},
number = {1},
pages = {415--428},
volume = {8},
year = {2012}
}





@book{Mathews1992,
	address = {Englewood Cliffs, N.J.},
	author = {Mathews, John H.},
	description = {Numerical Methods For Mathematics, Science, and Engineering: John H. Mathews: 9780136249900: Amazon.com: Books},
	isbn = {0136249906 9780136249900 0136250475 9780136250470},
	keywords = {dis},
	publisher = {Prentice Hall},
	title = {Numerical methods for mathematics, science, and engineering},
	year = 1992
}


